<record><leader>00000cas a22000007a 4500</leader><controlfield tag="001">19294274</controlfield><controlfield tag="008">890303d19291931mouwr ne      0    0eng d</controlfield><datafield ind1=" " ind2=" " tag="010"><subfield code="a">sn 89066271 </subfield></datafield><datafield ind1=" " ind2=" " tag="040"><subfield code="a">MQN</subfield><subfield code="b">eng</subfield><subfield code="c">MQN</subfield><subfield code="d">OCLCQ</subfield><subfield code="d">OCLCF</subfield><subfield code="d">OCLCO</subfield></datafield><datafield ind1=" " ind2=" " tag="042"><subfield code="a">msc</subfield></datafield><datafield ind1=" " ind2=" " tag="043"><subfield code="a">n-us-mo</subfield></datafield><datafield ind1="0" ind2="0" tag="245"><subfield code="a">Blue Valley inter-city news.</subfield></datafield><datafield ind1=" " ind2=" " tag="260"><subfield code="a">Fairmount, Mo. :</subfield><subfield code="b">Inter-City Pub. Co.,</subfield><subfield code="c">1929-1931.</subfield></datafield><datafield ind1=" " ind2=" " tag="300"><subfield code="a">v.</subfield></datafield><datafield ind1=" " ind2=" " tag="310"><subfield code="a">Weekly</subfield></datafield><datafield ind1="0" ind2=" " tag="362"><subfield code="a">18th year, no. 32 (Oct. 11, 1929)-20th yr., no. 30 (Oct. 2, 1931).</subfield></datafield><datafield ind1=" " ind2=" " tag="515"><subfield code="a">Continues numbering of: Inter-city news (Fairmount, Mo. : 1929).</subfield></datafield><datafield ind1=" " ind2="0" tag="651"><subfield code="a">Jackson County (Mo.)</subfield><subfield code="v">Newspapers.</subfield></datafield><datafield ind1=" " ind2="7" tag="655"><subfield code="a">Newspapers.</subfield><subfield code="2">fast</subfield><subfield code="0">(OCoLC)fst01423814</subfield></datafield><datafield ind1=" " ind2="7" tag="651"><subfield code="a">Missouri</subfield><subfield code="z">Jackson County.</subfield><subfield code="2">fast</subfield><subfield code="0">(OCoLC)fst01208103</subfield></datafield><datafield ind1=" " ind2=" " tag="752"><subfield code="a">United States</subfield><subfield code="b">Missouri</subfield><subfield code="c">Jackson</subfield><subfield code="d">Fairmount.</subfield></datafield><datafield ind1="0" ind2="4" tag="780"><subfield code="t">Blue Valley news</subfield><subfield code="w">(DLC)sn 93060001</subfield></datafield><datafield ind1="0" ind2="4" tag="780"><subfield code="t">Inter-city news (Fairmount, Mo. : 1929)</subfield><subfield code="w">(DLC)sn 89066270</subfield></datafield><datafield ind1="0" ind2="0" tag="785"><subfield code="t">Inter-city news (Fairmount, Mo. : 1931)</subfield><subfield code="w">(DLC)sn 89066272</subfield></datafield></record>